<?xml version="1.0" encoding="UTF-8"?><collection xmlns="http://www.loc.gov/MARC21/slim"><record><leader>00446nam--2200133-i-4500</leader><controlfield tag="001">000041536</controlfield><controlfield tag="002">20161230</controlfield><controlfield tag="005">20161230201043</controlfield><controlfield tag="008">060222s1000------------r-----000-0-eng-d</controlfield><datafield ind1=" " ind2=" " tag="080"><subfield code="a">551.5:532.5:532.59(043)</subfield></datafield><datafield ind1=" " ind2=" " tag="100"><subfield code="a">Sidi,Claude</subfield></datafield><datafield ind1=" " ind2=" " tag="245"><subfield code="a">Formation de discontinuites lors de la propagation d`ondes de gravite internes dans la basse thermosphere. these</subfield></datafield><datafield ind1=" " ind2=" " tag="260"><subfield code="a">Paris, L`Univ.Pierre Et Marie Curie, 1976. Iv + 106 P. + 28 P</subfield></datafield><datafield ind1=" " ind2=" " tag="852"><subfield code="a">44956</subfield></datafield></record></collection>